@misc{niklas_python-agentspeak_2017,
	title = {Python-{AgentSpeak}},
	url = {https://github.com/niklasf/python-agentspeak},
	publisher = {GitHub},
	author = {Niklas, Fiekas},
	year = {2017},
	note = {Publication Title: GitHub repository},
}